<?xml version="1.0" encoding="UTF-8"?><collection xmlns="http://www.loc.gov/MARC21/slim"><record><leader>00690nam--2200181-i-4500</leader><controlfield tag="001">000032075</controlfield><controlfield tag="002">20161230</controlfield><controlfield tag="005">20161230201039</controlfield><controlfield tag="008">060222s1000------------r-----000-0-eng-d</controlfield><datafield ind1=" " ind2=" " tag="040"><subfield code="a">IFIN-HH</subfield></datafield><datafield ind1=" " ind2=" " tag="080"><subfield code="a">530.1:539.141.1(075.9)</subfield></datafield><datafield ind1="1" ind2=" " tag="100"><subfield code="a">Moshinsky, M</subfield></datafield><datafield ind1="1" ind2="0" tag="245"><subfield code="a">Many-body problems and other selected topics in theoretical physics</subfield><subfield code="b">Lectures delivered at the university of mexico during the 1965 session of the latin american school of physics escuela latino-americana de fizica</subfield><subfield code="c">M. moshinsky, t.a. brody, g. jacob (eds.)</subfield></datafield><datafield ind1=" " ind2=" " tag="260"><subfield code="a">New York</subfield><subfield code="b">Gordon And Breach</subfield><subfield code="c">1966</subfield></datafield><datafield ind1=" " ind2=" " tag="300"><subfield code="a">XII + 955P</subfield></datafield><datafield ind1="1" ind2=" " tag="700"><subfield code="a">Jacob, G</subfield><subfield code="e">Ed</subfield></datafield><datafield ind1=" " ind2=" " tag="852"><subfield code="a">27063</subfield><subfield code="c">539.141</subfield></datafield><datafield ind1=" " ind2=" " tag="CAT"><subfield code="a">Sys</subfield><subfield code="c">20120417</subfield><subfield code="h">164258</subfield></datafield></record></collection>